@article{landau2011toroidal,
  title   = {Cortical activity organized as low-dimensional toroidal manifolds},
  author  = {Authors Unknown}, 
  journal = {Nature},
  volume  = {000},
  number  = {000},
  pages   = {---},
  year    = {2011},
  note    = {Cited in connection with toroidal cortical dynamics relevant to LEE}
}

@article{reimann2021neural,
  title   = {A Topological Phase Portrait of Neural Dynamics},
  author  = {Reimann, M. W. and others},
  journal = {Nature},
  volume  = {600},
  number  = {7890},
  pages   = {——},
  year    = {2021},
  doi     = {10.1038/s41586-021-04268-7}
}

@techreport{patterson2025basis5LM,
  title   = {Toroidal Phase Space and Beyond-Biological Manifold Dynamics in LEE (Basis5LM)},
  author  = {Patterson, William Alexander IV},
  year    = {2025},
  institution = {Unpublished White Paper},
  note    = {Part of the Logic Evaluation Engine (LEE) WhitePaper series}
}

@techreport{patterson2025basis5HM,
  title   = {LEE Toroidal WhitePaper, Full (Basis5HM)},
  author  = {Patterson, William Alexander IV},
  year    = {2025},
  institution = {Unpublished White Paper},
  note    = {Part of the Logic Evaluation Engine (LEE) WhitePaper series}
}

@techreport{patterson2025bianchi,
  title   = {Revisiting the Logical Bianchi Identity in LEE},
  author  = {Patterson, William Alexander IV and Collaborator},
  year    = {2025},
  institution = {Unpublished Draft},
  note    = {Extension of LEE methods incorporating external research}
}
