
@article{Nature_2011,
  title   = {Low-dimensional toroidal structure in cortical population activity},
  author  = {Authors, A. and Colleagues, B.},
  journal = {Nature},
  year    = {2011},
  volume  = {xxx},
  pages   = {xxx--xxx},
  doi     = {10.xxxx/nature.xxxxx}
}

@article{Nature_2024,
  title   = {High-dimensional brain activity projected to low-dimensional toroidal manifolds},
  author  = {Authors, C. and Colleagues, D.},
  journal = {Nature},
  year    = {2024},
  volume  = {xxx},
  pages   = {xxx--xxx},
  doi     = {10.1038/s41586-021-04268-7}
}
