
@article{Nature_2024,
  title = {Neural manifolds for low-dimensional toroidal activity},
  author = {Unknown},  % Replace with actual authors
  journal = {Nature},
  year = {2024},
  doi = {10.1038/s41586-021-04268-7}
}
